@book{DjangoforAPIs,
  author    = {William S. Vincent}, 
  title     = {Django for APIs},
  publisher = {Leanpub},
  year      = 2023
}

@book{GuideToDjango,
  author    = {Adrian Holovaty and Jacob Kaplan-Moss}, 
  title     = {The Definitive Guide to Django: Web Development Done Right},
  publisher = {Apress},
  year      = 2009
}

@misc{train_wiser_implementation,
    title        = {{Апликација Train Wiser - имплементација}},
    author       = {{Ивона Милутиновић}},
    howpublished = {\url{https://github.com/ivonamilutinovic/MasterThesis/train_wiser}}
}

@book{mastering_oauth2,
  author    = {Charles Bihis}, 
  title     = {Mastering OAuth 2.0},
  publisher = {Packt Publishing},
  year      = 2015
}

@misc{strava_api_oauth2,
    title        = {{Getting Started with the Strava API - How to Authenticate}},
    howpublished = {\url{https://developers.strava.com/docs/getting-started/#oauth}},
    note         = {Приступљено: 17. јун 2024}
}

@misc{webhooks_hookdeck,
    title        = {{What Are Webhooks And How Do They Work}},
    howpublished = {\url{https://hookdeck.com/webhooks/guides/what-are-webhooks-how-they-work}},
    note         = {Приступљено: 3. јун 2024}
}

@misc{strava_webhooks,
    title        = {{Webhook Events API}},
    howpublished = {\url{https://developers.strava.com/docs/webhooks/}},
    note         = {Приступљено: 4. јун 2024}
}

@book{web_scraping_with_python,
  author    = {Ryan Mitchell}, 
  title     = {Web Scraping with Python},
  publisher = {O’Reilly Media, Inc.},
  year      = 2015
}

@misc{scrapy_doc,
    title        = {{Scrapy 2.11 documentation}},
    howpublished = {\url{https://doc.scrapy.org/en/latest/}},
    note         = {Приступљено: 8. јун 2024}
}

@misc{web_crawler,
    title        = {{What Is a Web Crawler?}},
    howpublished = {\url{https://www.akamai.com/glossary/what-is-a-web-crawler}},
    note         = {Приступљено: 9. јун 2024}
}

@book{linux_pocket_guide,
      author    = {Daniel J. Barrett}, 
      title     = {Linux Pocket Guide},
      publisher = {O’Reilly Media, Inc.},
      year      = 2012
}

@misc{cronjob,
    title        = {{CronJob}},
    howpublished = {\url{https://kubernetes.io/docs/concepts/workloads/controllers/cron-jobs/}},
    note         = {Приступљено: 12. јун 2024}
}

@misc{django_crontab,
    title        = {{django-crontab}},
    howpublished = {\url{https://pypi.org/project/django-crontab/}},
    note         = {Приступљено: 12. јун 2024}
}
